% Research Skills - Latex Exercise
% Karthikeya Udupa K M (1393456)

@Article{Reid:1974:MSC,
  author = 	 {Robert William Reid},
  title = 	 {Marie Curie},
  journal = 	 {New American Library},
  year = 	 {1974},
  OPTkey = 	 {},
  volume = 	 {1},
  number = 	 {},
  pages = 	 {64},
  OPTmonth = 	 {},
  OPTnote = 	 {},
  OPTannote = 	 {}
}

@Article{Reid:1974:MSC65,
  author = 	 {Robert William Reid},
  title = 	 {Marie Curie},
  journal = 	 {New American Library},
  year = 	 {1974},
  OPTkey = 	 {},
  volume = 	 {1},
  number = 	 {},
  pages = 	 {65},
  OPTmonth = 	 {},
  OPTnote = 	 {},
  OPTannote = 	 {}
}

@Article{Estreicher:1938:CMZS,
  author = 	 {Tadeusz Estreicher},
  title = 	 {Curie, Maria ze Sk\l{}odowskich},
  journal = 	 {Polski s\l{}ownik biograficzny},
  year = 	 {1938},
  OPTkey = 	 {},
  volume = 	 {4},
  number = 	 {},
  pages = 	 {111},
  OPTmonth = 	 {},
  OPTnote = 	 {},
  OPTannote = 	 {}
}


@Article{Barker:2011:TGA,
  author = 	 {Dan Barker},
  title = 	 {The Good Atheist: Living a Purpose-Filled Life Without God},
  journal = 	 {},
  year = 	 {2011},
  OPTkey = 	 {},
  volume = 	 {1},
  number = 	 {},
  pages = 	 {171},
  OPTmonth = 	 {},
  OPTnote = 	 {},
  OPTannote = 	 {}
}

