@article{lane2010survey,
  title={A survey of mobile phone sensing},
  author={Lane, Nicholas D and Miluzzo, Emiliano and Lu, Hong and Peebles, Daniel and Choudhury, Tanzeem and Campbell, Andrew T},
  journal={Communications Magazine, IEEE},
  volume={48},
  number={9},
  pages={140--150},
  year={2010},
  publisher={IEEE}
}

@article{fogarty2005predicting,
  title={Predicting human interruptibility with sensors},
  author={Fogarty, James and Hudson, Scott E and Atkeson, Christopher G and Avrahami, Daniel and Forlizzi, Jodi and Kiesler, Sara and Lee, Johnny C and Yang, Jie},
  journal={ACM Transactions on Computer-Human Interaction (TOCHI)},
  volume={12},
  number={1},
  pages={119--146},
  year={2005},
  publisher={ACM}
}

@article{erickson2002some,
  title={Some problems with the notion of context-aware computing},
  author={Erickson, Thomas},
  journal={Communications of the ACM},
  volume={45},
  number={2},
  pages={102--104},
  year={2002},
  publisher={ACM}
}

@article{moran2001introduction,
  title={Introduction to this special issue on context-aware computing},
  author={Moran, Thomas P and Dourish, Paul},
  journal={Human--Computer Interaction},
  volume={16},
  number={2-4},
  pages={87--95},
  year={2001},
  publisher={Taylor \& Francis}
}



@inproceedings{ravi2005activity,
  title={Activity recognition from accelerometer data},
  author={Ravi, Nishkam and Dandekar, Nikhil and Mysore, Preetham and Littman, Michael L},
  booktitle={AAAI},
  volume={5},
  pages={1541--1546},
  year={2005}
}

@article{kumari2013selection,
  title={Selection Of The Best Classifier From Different Datasets Using WEKA},
  author={Dash,Kumari and Ranjita},
  journal={International Journal of Engineering},
  volume={2},
  number={3},
  year={2013}
}

