@misc{gartnerMobileSurvey2013,
  author = {Gartner},
  title = {Sales of Mobile Phones in All Regions Except Asia/Pacific Declined in the First Quarter of 2013},
  howpublished = {\url{http://www.gartner.com/newsroom/id/2482816}},
  year = {2013}, 
  note = "[Online; accessed 24-April-2014]"
}

@misc{AppleiOSPolicy,
  author = {{Apple Inc.}},
  title = {The {iOS} Environment},
  howpublished = {\url{https://developer.apple.com/library/ios/documentation/iphone/conceptual/iphoneosprogrammingguide/TheiOSEnvironment/TheiOSEnvironment.html}},
  year = {2013}, 
  note = "[Online; accessed 24-April-2014]"
}


@inproceedings{zhuang2010improving,
  title={Improving energy efficiency of location sensing on smartphones},
  author={Zhuang, Zhenyun and Kim, Kyu-Han and Singh, Jatinder Pal},
  booktitle={Proceedings of the 8th international conference on Mobile systems, applications, and services},
  pages={315--330},
  year={2010},
  organization={ACM}
}

@inproceedings{balan2011real,
  title={Real-time trip information service for a large taxi fleet},
  author={Balan, Rajesh Krishna and Nguyen, Khoa Xuan and Jiang, Lingxiao},
  booktitle={Proceedings of the 9th international conference on Mobile systems, applications, and services},
  pages={99--112},
  year={2011},
  organization={ACM}
}

@inproceedings{xiao2013lowering,
  title={Lowering the barriers to large-scale mobile crowdsensing},
  author={Xiao, Yu and Simoens, Pieter and Pillai, Padmanabhan and Ha, Kiryong and Satyanarayanan, Mahadev},
  booktitle={Proceedings of the 14th Workshop on Mobile Computing Systems and Applications},
  pages={9},
  year={2013},
  organization={ACM}
}


@incollection{adams2001privacy,
  title={Privacy in multimedia communications: Protecting users, not just data},
  author={Adams, Anne and Sasse, Martina Angela},
  booktitle={People and Computers XVâ€”Interaction without Frontiers},
  pages={49--64},
  year={2001},
  publisher={Springer}
}

@misc{SymmKK2006,
  author = {Kevin Kelly},
  title = {{Symmetrical and Asymmetrical Technologies}},
  howpublished = {\url{http://kk.org/thetechnium/2006/02/symmetrical-and/}},
  year = {2006}, 
  note = "[Online; accessed 24-April-2014]"
}

@article{picard2002computers,
  title={Computers that recognise and respond to user emotion: theoretical and practical implications},
  author={Picard, Rosalind W and Klein, Jonathan},
  journal={Interacting with computers},
  volume={14},
  number={2},
  pages={141--169},
  year={2002},
  publisher={Oxford University Press}
}


@article{lathia2013smartphones,
  title={Smartphones for large-scale behaviour change interventions},
  author={Lathia, Neal and Pejovic, Veljko and Rachuri, Kiran K and Mascolo, Cecilia and Musolesi, Mirco and Rentfrow, Peter J},
  journal={IEEE Pervasive Computing (May 2013)},
  year={2013}
}

@inproceedings{yan2012fast,
  title={Fast app launching for mobile devices using predictive user context},
  author={Yan, Tingxin and Chu, David and Ganesan, Deepak and Kansal, Aman and Liu, Jie},
  booktitle={Proceedings of the 10th international conference on Mobile systems, applications, and services},
  pages={113--126},
  year={2012},
  organization={ACM}
}

@inproceedings{BalabanovicAWP1997,
 author = {Balabanovi\'{c}, Marko},
 title = {An Adaptive Web Page Recommendation Service},
 booktitle = {Proceedings of the First International Conference on Autonomous Agents},
 series = {AGENTS '97},
 year = {1997},
 isbn = {0-89791-877-0},
 location = {Marina del Rey, California, USA},
 pages = {378--385},
 numpages = {8},
 url = {http://doi.acm.org/10.1145/267658.267744},
 doi = {10.1145/267658.267744},
 acmid = {267744},
 publisher = {ACM},
 address = {New York, NY, USA},
} 

@inproceedings{cheluvaraju2011anticipatory,
  title={Anticipatory retrieval and caching of data for mobile devices in variable-bandwidth environments},
  author={Cheluvaraju, Bharath and Kousik, A Srinivas Ramachandra and Rao, Srisha},
  booktitle={Systems Conference (SysCon), 2011 IEEE International},
  pages={531--537},
  year={2011},
  organization={IEEE}
}

@inproceedings{oulasvirta2005interaction,
  title={Interaction in 4-second bursts: the fragmented nature of attentional resources in mobile HCI},
  author={Oulasvirta, Antti and Tamminen, Sakari and Roto, Virpi and Kuorelahti, Jaana},
  booktitle={Proceedings of the SIGCHI conference on Human factors in computing systems},
  pages={919--928},
  year={2005},
  organization={ACM}
}

@article{tilkov2010node,
  title={Node. js: Using JavaScript to Build High-Performance Network Programs.},
  author={Tilkov, Stefan and Vinoski, Steve},
  journal={IEEE Internet Computing},
  volume={14},
  number={6},
  year={2010}
}

@misc{MongoLab2013,
  author = {{MongoLab}},
  title = {Deep Dive into Connection Pooling},
  howpublished = {\url{http://blog.mongolab.com/2013/11/deep-dive-into-connection-pooling/}},
  year = {2013}, 
  note = "[Online; accessed 24-April-2014]"
}

@inproceedings{dede2013performance,
  title={Performance evaluation of a mongodb and hadoop platform for scientific data analysis},
  author={Dede, Elif and Govindaraju, Madhusudhan and Gunter, Daniel and Canon, Richard Shane and Ramakrishnan, Lavanya},
  booktitle={Proceedings of the 4th ACM workshop on Scientific cloud computing},
  pages={13--20},
  year={2013},
  organization={ACM}
}

@inproceedings{novakextensible2013,
  title={AN EXTENSIBLE MOBILE SENSING PLATFORM FOR MHEALTH AND TELEMEDICINE APPLICATIONS},
  author={Novak, Gabor and Carlson, Darren and Jarzabek, Stan}
 booktitle={Proceeding of Conference on Mobile and Information Technologies in Medicine (MobileMed 2013), At Prague, Czech Republic}, 
  year={2013},
}

@inproceedings{rachuri2010emotionsense,
  title={EmotionSense: a mobile phones based adaptive platform for experimental social psychology research},
  author={Rachuri, Kiran K and Musolesi, Mirco and Mascolo, Cecilia and Rentfrow, Peter J and Longworth, Chris and Aucinas, Andrius},
  booktitle={Proceedings of the 12th ACM international conference on Ubiquitous computing},
  pages={281--290},
  year={2010},
  organization={ACM}
}
