@article{davis1988strategy,
  title={A strategy for comparing alternative software development life cycle models},
  author={Davis, Alan M. and Bersoff, Edward H. and Comer, Edward R.},
  journal={Software Engineering, IEEE Transactions on},
  volume={14},
  number={10},
  pages={1453--1461},
  year={1988},
  publisher={IEEE}
}

@inproceedings{royce1970managing,
  title={Managing the development of large software systems},
  author={Royce, Winston W},
  booktitle={proceedings of IEEE WESCON},
  volume={26},
  number={8},
  year={1970},
  organization={Los Angeles}
}


@article{sommerville1996software,
  title={Software process models},
  author={Sommerville, Ian},
  journal={ACM Computing Surveys (CSUR)},
  volume={28},
  number={1},
  pages={269--271},
  year={1996},
  publisher={ACM}
}


@article{mccracken1982life,
  title={Life cycle concept considered harmful},
  author={McCracken, Daniel D and Jackson, Michael A},
  journal={ACM SIGSOFT Software Engineering Notes},
  volume={7},
  number={2},
  pages={29--32},
  year={1982},
  publisher={ACM}
}

@article{gladden1982stop,
  title={Stop the life-cycle, I want to get off},
  author={Gladden, GR},
  journal={ACM SIGSOFT Software Engineering Notes},
  volume={7},
  number={2},
  pages={35--39},
  year={1982},
  publisher={ACM}
}

@inproceedings{ji2011comparing,
  title={Comparing extreme programming and Waterfall project results},
  author={Ji, Feng and Sedano, Todd},
  booktitle={Software Engineering Education and Training (CSEE\&T), 2011 24th IEEE-CS Conference on},
  pages={482--486},
  year={2011},
  organization={IEEE}
}


@article{laplante2004demise,
  title={The demise of the Waterfall model is imminent},
  author={Laplante, Phillip A and Neill, Colin J},
  journal={Queue},
  volume={1},
  number={10},
  pages={10},
  year={2004},
  publisher={ACM}
}

@article{ruparelia2010software,
  title={Software development lifecycle models},
  author={Ruparelia, Nayan B},
  journal={ACM SIGSOFT Software Engineering Notes},
  volume={35},
  number={3},
  pages={8--13},
  year={2010},
  publisher={ACM}
}

@inproceedings{racheva2010we,
  title={Do we know enough about requirements prioritization in agile projects: insights from a case study},
  author={Racheva, Zornitza and Daneva, Maya and Sikkel, Klaas and Wieringa, Roel and Herrmann, Andrea},
  booktitle={Requirements Engineering Conference (RE), 2010 18th IEEE International},
  pages={147--156},
  year={2010},
  organization={IEEE}
}

@book{cohn2005agile,
  title={Agile estimating and planning},
  author={Cohn, Mike},
  year={2005},
  publisher={Pearson Education}
}


@inproceedings{alan2003agile,
  title={Agile Software Development: Evidence from the Field},
  author={MacCormack, Alan},
  booktitle={Agile Development Conference},
  year={2003},
}

@book{larman2004agile,
  title={Agile and iterative development: a manager's guide},
  author={Larman, Craig},
  year={2004},
  publisher={Addison-Wesley Professional}
}

@article{petersen2009comparison,
  title={A comparison of issues and advantages in agile and incremental development between state of the art and an industrial case},
  author={Petersen, Kai and Wohlin, Claes},
  journal={Journal of Systems and Software},
  volume={82},
  number={9},
  pages={1479--1490},
  year={2009},
  publisher={Elsevier}
}

@inproceedings{jim2002whatisa,
  title={What is Agile Software Development?},
  author={Jim Highsmith Cutter},
  booktitle={CROSSTALK The Journal of Defense Software Engineering},
  pages={4--9},
  month={October},
  year={2002},
}

@inproceedings{sureshchandra2008moving,
  title={Moving from waterfall to agile},
  author={Sureshchandra, Kalpana and Shrinivasavadhani, Jagadish},
  booktitle={Agile, 2008. AGILE'08. Conference},
  pages={97--101},
  year={2008}
}

@article{dowson1997ariane,
  title={The Ariane 5 software failure},
  author={Dowson, Mark},
  journal={ACM SIGSOFT Software Engineering Notes},
  volume={22},
  number={2},
  pages={84},
  year={1997},
  publisher={ACM}
}

@inproceedings{clancy1995standish,
  title={The Standish Group Report},
  year={1995},
  organization={The Standish Group Report}
}

@inproceedings{fuggetta2000software,
  title={Software process: a roadmap},
  author={Fuggetta, Alfonso},
  booktitle={Proceedings of the Conference on the Future of Software Engineering},
  pages={25--34},
  year={2000},
  organization={ACM}
}




