% HCI Assignment I
% Karthikeya Udupa K M (1393456)

%Allanson, J., 2002. Electrophysiologically interactive computer systems. IEEE Magazine 35 (3), 60–65.
@Article{ALLANSON:2002:IEEE,
  author = 	 {Allanson, J.},
  title = 	 {Electrophysiologically interactive computer systems},
  journal = 	 {IEEE Magazine},
  year = 	 {2002},
  OPTkey = 	 {},
  volume = 	 {35},
  number = 	 {3},
  pages = 	 {60-65},
  OPTmonth = 	 {},
  OPTnote = 	 {},
  OPTannote = 	 {}
}

@Article{AFC:2002:IWC,
  author = 	 {Allanson, J. and Fairclough, S.H.},
  title = 	 {A research agenda for physiological computing},
  journal = 	 {Interacting with Computers},
  year = 	 {2004},
  OPTkey = 	 {},
  volume = 	 {16},
  number = 	 {},
  pages = 	 {857-878},
  OPTmonth = 	 {},
  OPTnote = 	 {},
  OPTannote = 	 {}
}

% Byrne, E., Parasuraman, R., 1996. Psychophysiology and adaptive automation. Biological Psychology (42), 249–268.

@Article{BEP:1996:BP,
  author = 	 {Byrne, E. and Parasuraman, R.},
  title = 	 {Psychophysiology and adaptive automation},
  journal = 	 {Biological Psychology},
  year = 	 {1996},
  OPTkey = 	 {},
  volume = 	 {42},
  number = 	 {},
  pages = 	 {249-268},
  OPTmonth = 	 {},
  OPTnote = 	 {},
  OPTannote = 	 {}
}

% Pope, A.T., Bogart, E.H., Bartolome, D.S., 1995. Biocybernetic system evaluates indices of operator engagement in automated task. Biological Psychology 40, 187–195.

@Article{POPE:1995:BP,
  author = 	 {Pope, A.T. and Bogart, E.H.and Bartolome, D.S.},
  title = 	 {Biocybernetic system evaluates indices of operator engagement in automated task},
  journal = 	 {Biological Psychology},
  year = 	 {1995},
  OPTkey = 	 {},
  volume = 	 {40},
  number = 	 {},
  pages = 	 {187-195},
  OPTmonth = 	 {},
  OPTnote = 	 {},
  OPTannote = 	 {}
}

%Hancock, P.A., Szalma, J.L., 2003. The future of neuroergonomics. Theoretical Issues in Ergonomic Science 44 (1–2), 238–249.

@Article{HS:2003:TIES,
  author = 	 {Hancock, P.A. and Szalma, J.L.},
  title = 	 {The future of neuroergonomics},
  journal = 	 {Theoretical Issues in Ergonomic Science},
  year = 	 {2003},
  OPTkey = 	 {},
  volume = 	 {44(1-2)},
  number = 	 {},
  pages = 	 {238-249},
  OPTmonth = 	 {},
  OPTnote = 	 {},
  OPTannote = 	 {}
}

%Kelly, K. (2006). Symmetrical and asymmetrical technologies. Available from: http://www.kk.org/thetechnium/archives/2006/02/symmetrical_and.php.

@Article{KELLY:2006:WEB,
  author = 	 {Kelly, K},
  title = 	 {Symmetrical and asymmetrical technologies},
  journal = 	 {Available from: http://www.kk.org/thetechnium/archives/2006/02/symmetrical\_and.php},
  year = 	 {2006},
  OPTkey = 	 {},
  volume = 	 {},
  number = 	 {},
  pages = 	 {},
  OPTmonth = 	 {},
  OPTnote = 	 {},
  OPTannote = 	 {}
}

%Picard, R.W., Klein, J., 2002. Computers that recognise and respond to user emotion: theoretical and practical implications. Interacting with Computers 14, 141–169.


@Article{PIKL:2002:IWC,
  author = 	 {Picard, R.W. and Klein, J.},
  title = 	 {Computers that recognise and respond to user emotion: theoretical and practical implications},
  journal = 	 {Interacting with Computers},
  year = 	 {2002},
  OPTkey = 	 {},
  volume = 	 {14},
  number = 	 {},
  pages = 	 {141-169},
  OPTmonth = 	 {},
  OPTnote = 	 {},
  OPTannote = 	 {}
}

%Fairclough, S.H. (2007). Psychophysiological inference and physiological computer games. Paper presented at the ACE Workshop-Brainplay’07: Brain-Computer Interfaces and Games.

@Article{FC:2007:ACEW,
  author = 	 {Fairclough, S.H.},
  title = 	 {Psychophysiological inference and physiological computer games.},
  journal = 	 {Paper presented at the ACE Workshop-Brainplay``07: Brain-Computer Interfaces and Games.},
  year = 	 {2007},
  OPTkey = 	 {},
  volume = 	 {},
  number = 	 {},
  pages = 	 {},
  OPTmonth = 	 {},
  OPTnote = 	 {},
  OPTannote = 	 {}
}

%Fairclough, S.H., Venables, L., 2006. Prediction of subjective states from psychophysiology: a multivariate approach. Biological Psychology 71, 100– 110.

@Article{FCV:2006:BP,
  author = 	 {Fairclough, S.H. and Venables, L.},
  title = 	 {Prediction of subjective states from psychophysiology: a multivariate approach},
  journal = 	 {Biological Psychology},
  year = 	 {2006},
  OPTkey = 	 {},
  volume = 	 {71},
  number = 	 {},
  pages = 	 {100-110},
  OPTmonth = 	 {},
  OPTnote = 	 {},
  OPTannote = 	 {}
}

%Matthews, G., Campbell, S.E., Falconer, S., Joyner, L.A., Huggins, J., Gilliland, K., et al., 2002. Fundamental dimensions of subjective state in performance settings: task engagement, distress and worry. Emotion 2 (4), 315–340.

@Article{MCFJ:2002:FDSSPS,
  author = 	 {Matthews, G. and Campbell, S.E. and Falconer, S. and Joyner and L.A., Huggins, J. and Gilliland, K.},
  title = 	 {Fundamental dimensions of subjective state in performance settings: task engagement, distress and worry},
  journal = 	 {Emotion},
  year = 	 {2002},
  OPTkey = 	 {},
  volume = 	 {2(4)},
  number = 	 {},
  pages = 	 {315-340},
  OPTmonth = 	 {},
  OPTnote = 	 {},
  OPTannote = 	 {}
}
%Fairclough, S.H., Fundamentals of physiological computing, Interact. Comput. (2008), doi:10.1016/ j.intcom.2008.10.011
@Article{FCLD:2009:FPC,
  author = 	 {Fairclough, S.H.},
  title = 	 {Fundamentals of physiological computing},
  journal = 	 {Interacting with Computers},
  year = 	 {2008},
  OPTkey = 	 {},
  volume = 	 {},
  number = 	 {},
  pages = 	 {},
  OPTmonth = 	 {},
  OPTnote = 	 {},
  OPTannote = 	 {}
}
%Kapoor, A., Burleson, W., Picard, R.W., 2007. Automatic prediction of frustration. International Journal of Human-Computer Studies 65, 724–736.

@Article{KPB:2007:IJHCS,
  author = 	 {Kapoor, A. and Burleson, W. and Picard, R.W.},
  title = 	 {Automatic prediction of frustration},
  journal = 	 {International Journal of Human-Computer Studies},
  year = 	 {2007},
  OPTkey = 	 {},
  volume = 	 {65},
  number = 	 {},
  pages = 	 {724-736},
  OPTmonth = 	 {},
  OPTnote = 	 {},
  OPTannote = 	 {}
}

%Lisetti, C.L., Nasoz, F., 2004. Using noninvasive wearable computers to recognize human emotions from physiological signals. EURASIP Journal on Applied SignalProcessing 11, 1672–1687.

@Article{LNZ:2004:EURASIP,
  author = 	 {Lisetti, C.L. and Nasoz, F.},
  title = 	 {Using noninvasive wearable computers to recognize human emotions from physiological signals},
  journal = 	 {EURASIP Journal on Applied SignalProcessing},
  year = 	 {2004},
  OPTkey = 	 {},
  volume = 	 {11},
  number = 	 {},
  pages = 	 {1672-1687},
  OPTmonth = 	 {},
  OPTnote = 	 {},
  OPTannote = 	 {}
}

%Cacioppo, J.T., Tassinary, L.G., 1990. Inferring psychological significance from physiological signals. American Psychologist 45 (1), 16–28.
@Article{CT:1990:APYSC,
  author = 	 {Cacioppo, J.T. and Tassinary, L.G.},
  title = 	 {Inferring psychological significance from physiological signals},
  journal = 	 {American Psychologist},
  year = 	 {1990},
  OPTkey = 	 {},
  volume = 	 {45(1)},
  number = 	 {},
  pages = 	 {16-28},
  OPTmonth = 	 {},
  OPTnote = 	 {},
  OPTannote = 	 {}
}
%Cacioppo, J.T., Tassinary, L.G., Berntson, G.G., 2000. Psychophysiological science. In: Cacioppo, J.T., Tassinary, L.G., Berntson, G.G. (Eds.), Handbook of Psychophysiology. Cambridge University Press, Cambridge UK, pp. 3–26.

@Article{CTB:2000:CUP,
  author = 	 {Cacioppo, J.T. and Tassinary, L.G. and Berntson, G.G.},
  title = 	 {Psychophysiological science},
  journal = 	 {Handbook of Psychophysiology. Cambridge University Press, Cambridge UK},
  year = 	 {2000},
  OPTkey = 	 {},
  volume = 	 {},
  number = 	 {},
  pages = 	 {3-26},
  OPTmonth = 	 {},
  OPTnote = 	 {},
  OPTannote = 	 {}
}

%Nisbett, R.E., Wilson, T.D., 1977. Telling more than we can know: verbal reports on mental processes. Psychological Review 84 (3), 231–259.
@Article{NW:1977:PSYCRI,
  author = 	 {Nisbett, R.E. and Wilson, T.D.},
  title = 	 {Telling more than we can know: verbal reports on mental processes},
  journal = 	 {Psychological Review},
  year = 	 {1977},
  OPTkey = 	 {},
  volume = 	 {84(3)},
  number = 	 {},
  pages = 	 {231-259},
  OPTmonth = 	 {},
  OPTnote = 	 {},
  OPTannote = 	 {}
}

%Villon, O., Lisetti, C.L. (2006). A user-modeling approach to build user’s psychophysiological maps of emotions using bio-sensors. Paper presented at the 15th IEEE International Symposium on Robot and Human Interactive Communication, Hatfield, UK.

@Article{VL:2006:IEEE,
  author = 	 {Villon, O. and Lisetti, C.L.},
  title = 	 {A user-modeling approach to build user's psychophysiological maps of emotions using bio-sensors},
  journal = 	 {Paper presented at the 15th IEEE International Symposium on Robot and Human Interactive Communication, Hatfield, UK},
  year = 	 {2006},
  OPTkey = 	 {},
  volume = 	 {},
  number = 	 {},
  pages = 	 {},
  OPTmonth = 	 {},
  OPTnote = 	 {},
  OPTannote = 	 {}
}

%Picard, R.W., 1997. Affective computing. MIT Press, Cambridge, Mass.
@Article{PRW:1997:AFC,
  author = 	 {Picard, R.W.},
  title = 	 {Affective computing},
  journal = 	 {M.I.T Media Laboratory Perceptual Computing Section Technical Report No. 321
Affective},
  year = 	 {1997},
  OPTkey = 	 {},
  volume = 	 {},
  number = 	 {},
  pages = 	 {},
  OPTmonth = 	 {},
  OPTnote = 	 {},
  OPTannote = 	 {}
}

%Hancock, P.A., Warm, J.S., 1989. A dynamic model of stress and sustained attention. Human Factors 31 (5), 519–537.
@Article{HKW:1989:AA,
  author = 	 {Hancock, P.A. and Warm, J.S.},
  title = 	 {A dynamic model of stress and sustained attention},
  journal = 	 {Human Factors},
  year = 	 {1989},
  OPTkey = 	 {},
  volume = 	 {31 (5)},
  number = 	 {},
  pages = 	 {519-537},
  OPTmonth = 	 {},
  OPTnote = 	 {},
  OPTannote = 	 {}
}


%Freeman, F.G., Mikulka, P.J., Prinzel, L.J., Scerbo, M.W., 1999. Evaluation of an adaptive automation system using three eeg indices with a visual tracking task. Biological Psychology 50, 61–76.
@Article{FMPS:1999:BP,
  author = 	 {Freeman, F.G. and Mikulka, P.J. and Prinzel, L.J. and Scerbo, M.W.},
  title = 	 {Evaluation of an adaptive automation system using three eeg indices with a visual tracking task},
  journal = 	 {Biological Psychology},
  year = 	 {1999},
  OPTkey = 	 {},
  volume = 	 {50},
  number = 	 {61-76},
  pages = 	 {},
  OPTmonth = 	 {},
  OPTnote = 	 {},
  OPTannote = 	 {}
}

%Wilson, G.F., Russell, C.A., 2007. Performance enhancement in an uninhabited air vehicle task using psychophysiologically determined adaptive aiding. Human Factors 49 (6), 1005–1018.
@Article{WGFR:1999:HF,
  author = 	 {Wilson, G.F. and Russell, C.A.},
  title = 	 {Performance enhancement in an uninhabited air vehicle task using psychophysiologically determined adaptive aiding},
  journal = 	 {Human Factors},
  year = 	 {2007},
  OPTkey = 	 {},
  volume = 	 {49(6)},
  number = 	 {1005-1018},
  pages = 	 {},
  OPTmonth = 	 {},
  OPTnote = 	 {},
  OPTannote = 	 {}
}


