@article{oulasvirta2012habits,
  title={Habits make smartphone use more pervasive},
  author={Oulasvirta, Antti and Rattenbury, Tye and Ma, Lingyi and Raita, Eeva},
  journal={Personal and Ubiquitous Computing},
  volume={16},
  number={1},
  pages={105--114},
  year={2012},
  publisher={Springer}
}

@article{smith201246,
  title={46\% of American adults are smartphone owners},
  author={Smith, Aaron},
  journal={Pew Internet \& American Life Project},
  year={2012}
}

@article{ross2011top,
  title={Top 11 technologies of the decade},
  author={Ross, Philip E},
  journal={IEEE Spectrum},
  volume={48},
  number={1},
  pages={27--63},
  year={2011},
  publisher={IEEE Press}
}

@misc{Asymco2012,
  author = {Asymco},
  title = {{Smartphone penetration reaches 70\% in the US}},
  howpublished = "\url{http://www.gsmarena.com/asymco_pricing_doesnt_affect_smartphone_adoption_in_the_us-news-8982.php}",
  year = {2014}, 
  note = "[Online; accessed 09-September-2014]"
}

@article{weiser1991computer,
  title={The computer for the 21st century},
  author={Weiser, Mark},
  journal={Scientific american},
  volume={265},
  number={3},
  pages={94--104},
  year={1991},
  publisher={Nature Publishing Group}
}

@article{lee2014mesdn,
  title={meSDN: Mobile Extension of SDN},
  author={Lee, Jeongkeun and Uddin, Mostafa and Tourrilhes, Jean and Sen, Souvik and Banerjee, Sujata and Arndt, Manfred and Kim, Kyu-Han and Nadeem, Tamer},
  year={2014}
}

@article{campbell2008rise,
  title={The rise of people-centric sensing},
  author={Campbell, Andrew T and Eisenman, Shane B and Lane, Nicholas D and Miluzzo, Emiliano and Peterson, Ronald A and Lu, Hong and Zheng, Xiao and Musolesi, Mirco and Fodor, Krist{\'o}f and Ahn, Gahng-Seop},
  journal={Internet Computing, IEEE},
  volume={12},
  number={4},
  pages={12--21},
  year={2008},
  publisher={IEEE}
}

@inproceedings{keshav2007cell,
  title={Cell phones as a research platform.},
  author={Keshav, Srinivasan and Chawathe, Yatin and Chen, Mike and Zhang, Yongguang and Wolman, Alec},
  booktitle={MobiSys},
  volume={7},
  pages={2--2},
  year={2007}
}

@inproceedings{falaki2011systemsens,
  title={SystemSens: a tool for monitoring usage in smartphone research deployments},
  author={Falaki, Hossein and Mahajan, Ratul and Estrin, Deborah},
  booktitle={Proceedings of the sixth international workshop on MobiArch},
  pages={25--30},
  year={2011},
  organization={ACM}
}

@misc{gartnerMobileSurvey2013,
  author = {Gartner},
  title = {Sales of Mobile Phones in All Regions Except Asia/Pacific Declined in the First Quarter of 2013},
  howpublished = {\url{http://www.gartner.com/newsroom/id/2482816}},
  year = {2013}, 
  note = "[Online; accessed 09-September-2014]"
}

@article{dey2001understanding,
  title={Understanding and using context},
  author={Dey, Anind K},
  journal={Personal and ubiquitous computing},
  volume={5},
  number={1},
  pages={4--7},
  year={2001},
  publisher={Springer-Verlag}
}

@article{lathia2013smartphones,
  title={Smartphones for large-scale behaviour change interventions},
  author={Lathia, Neal and Pejovic, Veljko and Rachuri, Kiran K and Mascolo, Cecilia and Musolesi, Mirco and Rentfrow, Peter J},
  journal={IEEE Pervasive Computing (May 2013)},
  year={2013},
  pages={3--9},
  volume={1}
}

@incollection{balkic2012geohash,
  title={GeoHash and UUID identifier for multi-agent systems},
  author={Balki{\'c}, Zoran and {\v{S}}o{\v{s}}tari{\'c}, Damir and Horvat, Goran},
  booktitle={Agent and Multi-Agent Systems. Technologies and Applications},
  pages={290--298},
  year={2012},
  publisher={Springer}
}

@book{alawnah2013modeling,
  title={Modeling smartphones power},
  author={Alawnah, Sameer and Sagahyroon, Assim},
  year={2013},
  publisher={IEEE}
}

@incollection{ferreira2011understanding,
  title={Understanding human-smartphone concerns: a study of battery life},
  author={Ferreira, Denzil and Dey, Anind K and Kostakos, Vassilis},
  booktitle={Pervasive Computing},
  pages={19--33},
  year={2011},
  publisher={Springer}
}
@inproceedings{falaki2011systemsens,
  title={SystemSens: a tool for monitoring usage in smartphone research deployments},
  author={Falaki, Hossein and Mahajan, Ratul and Estrin, Deborah},
  booktitle={Proceedings of the sixth international workshop on MobiArch},
  pages={25--30},
  year={2011},
  organization={ACM}
}

@inproceedings{oliver2010challenges,
  title={The challenges in large-scale smartphone user studies},
  author={Oliver, Earl},
  booktitle={Proceedings of the 2nd ACM International Workshop on Hot Topics in Planet-scale Measurement},
  pages={5},
  year={2010},
  organization={ACM}
}

@inproceedings{do2010their,
  title={By their apps you shall understand them: mining large-scale patterns of mobile phone usage},
  author={Do, Trinh-Minh-Tri and Gatica-Perez, Daniel},
  booktitle={Proceedings of the 9th International Conference on Mobile and Ubiquitous Multimedia},
  pages={27},
  year={2010},
  organization={ACM}
}

@inproceedings{yan2012fast,
  title={Fast app launching for mobile devices using predictive user context},
  author={Yan, Tingxin and Chu, David and Ganesan, Deepak and Kansal, Aman and Liu, Jie},
  booktitle={Proceedings of the 10th international conference on Mobile systems, applications, and services},
  pages={113--126},
  year={2012},
  organization={ACM}
}


@inproceedings{novakextensible2013,
  title={An Extensible Mobile Sensing Platform for mHealth AND Telemedicine Applications},
  year={2013},
  author={Novak, Gabor and Carlson, Darren and Jarzabek, Stan},
 booktitle={Proceeding of Conference on Mobile and Information Technologies in Medicine (MobileMed 2013), At Prague, Czech Republic} 
}

@inproceedings{rachuri2010emotionsense,
  title={EmotionSense: a mobile phones based adaptive platform for experimental social psychology research},
  author={Rachuri, Kiran K and Musolesi, Mirco and Mascolo, Cecilia and Rentfrow, Peter J and Longworth, Chris and Aucinas, Andrius},
  booktitle={Proceedings of the 12th ACM international conference on Ubiquitous computing},
  pages={281--290},
  year={2010},
  organization={ACM}
}

@article{kirkpatrick2013software,
  title={Software-defined networking.},
  author={Kirkpatrick, Keith},
  journal={Commun. ACM},
  volume={56},
  number={9},
  pages={16--19},
  year={2013}
}
@article{paradis2014software,
  title={Software-Defined Networking},
  author={Paradis, Thomas},
  year={2014}
}

@article{alaettinoglu2013software,
  title={Software Defined Networking},
  author={Alaettinoglu, Cengiz},
  year={2013}
}

@misc{openflow2013,
  author = {Open Networking Foundation.},
  title = {OpenFlow-Enabled Mobile and Wireless Networks},
  howpublished = {\url{https://www.opennetworking.org/images/stories/downloads/sdn-resources/solution-briefs/sb-wireless-mobile.pdf}},
  year = {2013}, 
  note = "[Online; accessed 10-September-2014]"
}

@inproceedings{broadbent2012opencache,
  title={OpenCache: exploring efficient and transparent content delivery mechanisms for video-on-demand},
  author={Broadbent, Matthew and Race, Nicholas},
  booktitle={Proceedings of the 2012 ACM conference on CoNEXT student workshop},
  pages={15--16},
  year={2012},
  organization={ACM}
}

@inproceedings{chanda2013content,
  title={A content management layer for software-defined information centric networks},
  author={Chanda, Abhishek and Westphal, Cedric},
  booktitle={Proceedings of the 3rd ACM SIGCOMM workshop on Information-centric networking},
  pages={47--48},
  year={2013},
  organization={ACM}
}

@article{2013aricent,
  title={Application-Aware routing in software-defined networks},
  author={Saro Velrajan},
  year={2013},
  organization={Aricent}
}
