@inproceedings{levy2000recursively,
  title={Recursively speaking: analyzing students' discourse of recursive phenomena},
  author={Levy, Dalit and Lapidot, Tami},
  booktitle={ACM SIGCSE Bulletin},
  volume={32},
  number={1},
  pages={315--319},
  year={2000},
  organization={ACM}
}
@article{leron1986computational,
  title={Computational recursion and mathematical induction},
  author={Leron, Uri and Zazkis, Rina},
  journal={For the Learning of Mathematics},
  volume={6},
  number={2},
  pages={25--28},
  year={1986},
  publisher={JSTOR}
}
@inproceedings{leron1988makes,
  title={What makes recursion hard},
  author={Leron, Uri},
  booktitle={Proceedings of the 6th Intl Congress on Mathematical Education (ICME-6)},
  year={1988}
}

@book{roberts1986thinking,
  title={Thinking recursively},
  author={Roberts, Eric and Wiley, John},
  year={1986},
  publisher={J. Wiley}
}


@article{bell2009computer,
  title={Computer science unplugged: School students doing real computing without computers},
  author={Bell, Tim and Alexander, Jason and Freeman, Isaac and Grimley, Mick},
  journal={The New Zealand Journal of Applied Computing and Information Technology},
  volume={13},
  number={1},
  pages={20--29},
  year={2009}
}

@article{gunion2009paradigm,
  title={The Paradigm Recursion: Is It More Accessible When Introduced in Middle School?},
  author={Gunion, Katherine and Milford, Todd and Stege, Ulrike},
  journal={The Journal of Problem Solving},
  volume={2},
  number={2},
  pages={8},
  year={2009}
}
@inproceedings{gunion2009curing,
  title={Curing recursion aversion},
  author={Gunion, Katherine and Milford, Todd and Stege, Ulrike},
  booktitle={ACM SIGCSE Bulletin},
  volume={41},
  number={3},
  pages={124--128},
  year={2009},
  organization={ACM}
}

\
@inproceedings{tessler2013using,
  title={Using cargo-bot to provide contextualized learning of recursion},
  author={Tessler, Joe and Beth, Bradley and Lin, Calvin},
  booktitle={Proceedings of the ninth annual international ACM conference on International computing education research},
  pages={161--168},
  year={2013},
  organization={ACM}
}

