@Article{WANG:1998:CPC,
  title={Consumer privacy concerns about Internet marketing},
  author={Wang, Huaiqing and Lee, Matthew KO and Wang, Chen},
  journal={Communications of the ACM},
  volume={41},
  number={3},
  pages={63--70},
  year={1998},
  publisher={ACM}
}


@TechReport{TYL:2012:SB,
  author = 	 {Taylor Armerding},
  title = 	 {The 15 worst data security breaches of the 21st Century},
  year = 	 {2012},
  OPTmonth = 	 {},
  OPTnote = 	 {http://www.csoonline.com/article/700263/the-15-worst-data-security-breaches-of-the-21st-century (Accessed October 2013)},
 OPTannote = 	 {}
}

@Article{MM:1990:YHNO,
  author = 	 {Markowitz, Michael},
  title = 	 {You have no privacy},
  journal = 	 {ProQuest},
  year = 	 {1999},
  OPTkey = 	 {},
  volume = 	 {44},
  number = 	 {7},
  pages = 	 {20},
  OPTnote = 	 {},
  OPTannote = 	 {}
}


@article{CLRK:1988:CPC,
  title={Information Technology and Dataveillance},
  author={Clarke, Roger},
  journal={Communications of the ACM},
  volume={31},
  number={5},
  pages={498--512},
  year={1988},
  publisher={ACM}
}


@InProceedings{ACQ:2006:FB,
  author = 	 {Acquisti, A. and Gross, R.},
  title = 	 {Imagined communities: Awareness, Information Sharing and Privacy Protection on the Facebook},
  OPTcrossref =  {},
  OPTkey = 	 {},
  booktitle =    {6th Workshop on Privacy Enhancing Technologies},
  OPTpages = 	 {},
  year = 	 {2006},  publisher =    {Cambridge, UK},
  OPTnote = 	 {},
  OPTannote = 	 {}
}


@article{CISPA,
  title={H.R. 624: Cyber Intelligence Sharing and Protection Act},
  author={113th Congress},
  year={2013},
  journal={https://www.govtrack.us/congress/bills/113/hr624/text (Accessed 30th October 2013.)},
}


@article{PIPA,
  title={Preventing Real Online Threats to Economic Creativity and Theft of Intellectual Property Act of 2011},
  author={112th Congress},
  year={2011},
  journal={https://www.govtrack.us/congress/bills/112/s968/text (Accessed 30th October 2013.)},
}

@article{BRNS:2006:APP,
  title={A privacy paradox: Social networking in the United States},
  author={Barnes, Susan B},
  journal={First Monday},
  volume={11},
  number={9},
  year={2006}
}

@article{fairclough2009fundamentals,
  title={Fundamentals of physiological computing},
  author={Fairclough, Stephen H},
  journal={Interacting with computers},
  volume={21},
  number={1},
  pages={133--145},
  year={2009},
  publisher={Elsevier}
}

@inproceedings{anderson2001information,
  title={Why information security is hard-an economic perspective},
  author={Anderson, Ross},
  booktitle={Computer Security Applications Conference, 2001. ACSAC 2001. Proceedings 17th Annual},
  pages={358--365},
  year={2001},
  organization={IEEE}
}


@inproceedings{young2009information,
  title={Information revelation and internet privacy concerns on social network sites: a case study of facebook},
  author={Young, Alyson L and Quan-Haase, Anabel},
  booktitle={Proceedings of the fourth international conference on Communities and technologies},
  pages={265-274},
  year={2009},
  organization={ACM}
}

@article{oced,
  title={OECD Guidelines on the Protection of Privacy and Transborder Flows of Personal Data},
  author={OECD},
  year={1988},
  journal={http://www.oecd.org/internet/ieconomy/oecdguidelinesontheprotectionofprivacyandtransborderflowsofpersonaldata.htm (Accessed 30th October 2013.)},
}

@article{ukdp,
  title={UK Data Protection Act 1998},
  author={UK Govt.},
  year={1998},
  journal={http://www.legislation.gov.uk/ukpga/1998/29/contents (Accessed 30th October 2013.)},
}

@incollection{ting2009,
  title={From data privacy to location privacy},
  author={Wang, Ting and Liu, Ling},
  booktitle={Machine Learning in Cyber Trust},
  pages={217--246},
  year={2009},
  publisher={Springer}
}

