@article{adams2005scientific,
  title={Scientific teams and institutional collaborations: Evidence from US universities, 1981--1999},
  author={Adams, James D and Black, Grant C and Clemmons, J Roger and Stephan, Paula E},
  journal={Research Policy},
  volume={34},
  number={3},
  pages={259--285},
  year={2005},
  publisher={Elsevier}
}

@article{figg2006scientific,
  title={Scientific collaboration results in higher citation rates of published articles},
  author={Figg, William D and Dunn, Lara and Liewehr, David J and Steinberg, Seth M and Thurman, Paul W and Barrett, J Carl and Birkinshaw, Julian},
  journal={Pharmacotherapy: The Journal of Human Pharmacology and Drug Therapy},
  volume={26},
  number={6},
  pages={759--767},
  year={2006},
  publisher={Wiley Online Library}
}

@article{sonnenwald2007scientific,
  title={Scientific collaboration},
  author={Sonnenwald, Diane H},
  journal={Annual review of information science and technology},
  volume={41},
  number={1},
  pages={643--681},
  year={2007},
  publisher={Wiley Online Library}
}
